101 04120912947222601021607150759A094101FEDERAL RESERVE BANK   CIVISTA BANK           04120912
5200INTUIT INC      ORIG CIVISTA BANK   4722260102WEB8888081723160718160718   1041209120000001
6272313749451234ABC12345     0000003788432XQW14JDR0J  DAN STROOT            S 1041209120000001
705INTUIT INC (888) 808-1723 REF:EFE432XQW14JDR0J                                  00010000001
6271234567891234ABC12345     0000003246432XQX14JDONH  DANIEL STROOT         S 1041209120000002
705INTUIT INC (888) 808-1723 REF:EFE432XQX14JDONH                                  00010000002
820000000400354831720000000070340000000000004722260102                         041209120000001
9000001000001000000040035483172000000007034000000000000                                       
9999999999999999999999999999999999999999999999999999999999999999999999999999999999999999999999
9999999999999999999999999999999999999999999999999999999999999999999999999999999999999999999999
