101 04120912947222601021603312038A094101FEDERAL RESERVE BANK   CIVISTA BANK           04120912
5200INTUIT INC      ORIG CIVISTA BANK   4722260102WEB8888081723160331160331   1041209120000001
6272313749451234ABC12345     0000003788432XQW14JDR0J  DAN STROOT            S 1041209120000001
705INTUIT INC (888) 808-1723 REF:EFE432XQW14JDR0J                                  00010000001
6271234567891234ABC12345     0000003246432XQX14JDONH  DANIEL STROOT         S 1041209120000002
705INTUIT INC (888) 808-1723 REF:EFE432XQX14JDONH                                  00010000002
6271234567891234ABC12345     0000005953432XQX14JDONH  DANIEL STROOT         S 1041209120000003
705INTUIT INC (888) 808-1723 REF:EFE432XQX14JDONH                                  00010000003
820000000600478288500000000129870000000000004722260102                         041209120000001
9000001000001000000060047828850000000012987000000000000
